
@article{hearst1997texttiling,
  title={TextTiling: Segmenting text into multi-paragraph subtopic passages},
  author={Hearst, Marti A.},
  journal={Computational linguistics},
  volume={23},
  number={1},
  pages={33--64},
  year={1997},
  publisher={MIT Press}
}

@article{choi2000advances,
  title={Advances in domain independent linear text segmentation},
  author={Choi, Freddy Y.Y.},
  journal={arXiv preprint cs/0003083},
  year={2000}
}

@inproceedings{hsueh2006automatic,
  title={Automatic segmentation of multiparty dialogue},
  author={Hsueh, Pei-Yun and Moore, Johanna D. and Renals, Steve},
  booktitle={11th Conference of the European Chapter of the Association for Computational Linguistics},
  year={2006}
}

@article{devlin2018bert,
  title={Bert: Pre-training of deep bidirectional transformers for language understanding},
  author={Devlin, Jacob and Chang, Ming-Wei and Lee, Kenton and Toutanova, Kristina},
  journal={arXiv:1810.04805},
  eprint={1810.04805},
  year={2018}
}

@inproceedings{salloum2017automated,
  title={Automated preamble detection in dictated medical reports},
  author={Salloum, Wael and Finley, Greg and Edwards, Erik and Miller, Mark and Suendermann-Oeft, David},
  booktitle={BioNLP 2017},
  pages={287--295},
  year={2017}
}

@article{rajpurkar2016squad,
  title={Squad: 100,000+ questions for machine comprehension of text},
  author={Rajpurkar, Pranav and Zhang, Jian and Lopyrev, Konstantin and Liang, Percy},
  eprint={1606.05250},
  journal={arXiv:1606.05250},
  year={2016}
}

@book{wilson2017origins,
  title={The origins of creativity},
  author={Wilson, Edward O.},
  year={2017},
  publisher={Liveright Publishing}
}

@article{karpagavalli2016review,
  title={A review on automatic speech recognition architecture and approaches},
  author={Karpagavalli, S. and Chandra, E.},
  journal={International Journal of Signal Processing, Image Processing and Pattern Recognition},
  volume={9},
  number={4},
  pages={393--404},
  year={2016}
}

@inproceedings{sheikh2016document,
  title={Document level semantic context for retrieving OOV proper names},
  author={Sheikh, Imran and Ulina, Irina and Fohr, Dominique and Linares, Georges},
  booktitle={2016 IEEE International Conference on Acoustics, Speech and Signal Processing (ICASSP)},
  pages={6050--6054},
  year={2016},
  organization={IEEE}
}

@inproceedings{bouchekif2015diachronic,
  title={Diachronic semantic cohesion for topic segmentation of tv broadcast news},
  author={Bouchekif, Abdessalam and Damnati, G{\'e}raldine and Esteve, Yannick and Charlet, Delphine and Camelin, Nathalie},
  booktitle={Sixteenth Annual Conference of the International Speech Communication Association},
  year={2015}
}

@inproceedings{chifu2016segchain,
  title={SegChain: Towards a generic automatic video segmentation framework, based on lexical chains of audio transcriptions},
  author={Chifu, Adrian-Gabriel and Fournier, S{\'e}bastien},
  booktitle={Proceedings of the 6th International Conference on Web Intelligence, Mining and Semantics},
  pages={21},
  year={2016},
  organization={ACM}
}

@book{soanes2005compact,
  title={Compact Oxford english dictionary},
  author={Soanes, Catherine and Hawker, Sara},
  year={2005},
  publisher={Oxford University Press United Kingdom}
}



@misc{googleerrorrate,
  title = {ProBeat: Has Googleâ€™s word error rate progress stalled?},
  howpublished = {\url{https://venturebeat.com/2019/05/10/probeat-has-googles-word-error-rate-progress-stalled/
}},
  note = {Accessed: 2019-10-09}
}



@inproceedings{bouchekif2015diachronic,
  title={Diachronic semantic cohesion for topic segmentation of tv broadcast news},
  author={Bouchekif, Abdessalam and Damnati, G{\'e}raldine and Esteve, Yannick and Charlet, Delphine and Camelin, Nathalie},
  booktitle={Sixteenth Annual Conference of the International Speech Communication Association},
  year={2015}
}

@inproceedings{chifu2016segchain,
  title={SegChain: Towards a generic automatic video segmentation framework, based on lexical chains of audio transcriptions},
  author={Chifu, Adrian-Gabriel and Fournier, S{\'e}bastien},
  booktitle={Proceedings of the 6th International Conference on Web Intelligence, Mining and Semantics},
  pages={21},
  year={2016},
  organization={ACM}
}

@inproceedings{hsueh2006automatic,
  title={Automatic segmentation of multiparty dialogue},
  author={Hsueh, Pei-Yun and Moore, Johanna D. and Renals, Steve},
  booktitle={11th Conference of the European Chapter of the Association for Computational Linguistics},
  year={2006}
}

@article{hsueh2010combining,
  title={Combining multiple knowledge sources for dialogue segmentation in multimedia archives},
  author={Hsueh, Pei-Yun and Moore, Johanna D},
  year={2010}
}

@inproceedings{purver2006unsupervised,
  title={Unsupervised topic modelling for multi-party spoken discourse},
  author={Purver, Matthew and Griffiths, Thomas L. and K{\"o}rding, Konrad P. and Tenenbaum, Joshua B.},
  booktitle={Proceedings of the 21st International Conference on Computational Linguistics and the 44th annual meeting of the Association for Computational Linguistics},
  pages={17--24},
  year={2006},
  organization={Association for Computational Linguistics}
}

@inproceedings{sehikh2017topic,
  title={Topic segmentation in ASR transcripts using bidirectional rnns for change detection},
  author={Sehikh, Imran and Fohr, Dominique and Illina, Irina},
  booktitle={2017 IEEE Automatic Speech Recognition and Understanding Workshop (ASRU)},
  pages={512--518},
  year={2017},
  organization={IEEE}
}

@incollection{pak2018text,
  title={Text segmentation techniques: a critical review},
  author={Pak, Irina and Teh, Phoey Lee},
  booktitle={Innovative Computing, Optimization and Its Applications},
  pages={167--181},
  year={2018},
  publisher={Springer}
}

@inproceedings{bayomi2015ontoseg,
  title={OntoSeg: a novel approach to text segmentation using ontological similarity},
  author={Bayomi, Mostafa and Levacher, Killian and Ghorab, M. Rami and Lawless, S{\'e}amus},
  booktitle={2015 IEEE International Conference on Data Mining Workshop (ICDMW)},
  pages={1274--1283},
  year={2015},
  organization={IEEE}
}

@inproceedings{sehikh2017topic,
  title={Topic segmentation in ASR transcripts using bidirectional rnns for change detection},
  author={Sehikh, Imran and Fohr, Dominique and Illina, Irina},
  booktitle={2017 IEEE Automatic Speech Recognition and Understanding Workshop (ASRU)},
  pages={512--518},
  year={2017},
  organization={IEEE}
}

@article{lipton2015critical,
  title={A critical review of recurrent neural networks for sequence learning},
  author={Lipton, Zachary C. and Berkowitz, John and Elkan, Charles},
  eprint={1506.00019},
  journal={arXiv:1506.00019},
  year={2015}
}

@article{ma2016end,
  title={End-to-end sequence labeling via bi-directional lstm-cnns-crf},
  author={Ma, Xuezhe and Hovy, Eduard},
  eprint={1506.00019},
  journal={arXiv:1603.01354},
  year={2016}
}

@article{huang2015bidirectional,
  title={Bidirectional LSTM-CRF models for sequence tagging},
  author={Huang, Zhiheng and Xu, Wei and Yu, Kai},
  eprint={1508.01991},
  journal={arXiv:1508.01991},
  year={2015}
}

@inproceedings{sundermeyer2012lstm,
  title={LSTM neural networks for language modeling},
  author={Sundermeyer, Martin and Schl{\"u}ter, Ralf and Ney, Hermann},
  booktitle={Thirteenth annual conference of the international speech communication association},
  year={2012}
}

@inproceedings{vaswani2017attention,
  title={Attention is all you need},
  author={Vaswani, Ashish and Shazeer, Noam and Parmar, Niki and Uszkoreit, Jakob and Jones, Llion and Gomez, Aidan N. and Kaiser, {\L}ukasz and Polosukhin, Illia},
  booktitle={Advances in neural information processing systems},
  pages={5998--6008},
  year={2017}
}

@article{rajpurkar2016squad,
  title={Squad: 100,000+ questions for machine comprehension of text},
  author={Rajpurkar, Pranav and Zhang, Jian and Lopyrev, Konstantin and Liang, Percy},
  eprint={1606.05250},
  journal={arXiv:1606.05250},
  year={2016}
}

@inproceedings{badjatiya2018attention,
  title={Attention-based neural text segmentation},
  author={Badjatiya, Pinkesh and Kurisinkel, Litton J. and Gupta, Manish and Varma, Vasudeva},
  booktitle={European Conference on Information Retrieval},
  pages={180--193},
  year={2018},
  organization={Springer}
}

@inproceedings{li2018segbot,
  title={SegBot: A Generic Neural Text Segmentation Model with Pointer Network.},
  author={Li, Jing and Sun, Aixin and Joty, Shafiq R.},
  booktitle={IJCAI},
  pages={4166--4172},
  year={2018}
}

@book{matthews2001short,
  title={A short history of structural linguistics},
  author={Matthews, Peter Hugoe and Matthews, Peter},
  year={2001},
  publisher={Cambridge University Press}
}

@book{chatman1980story,
  title={Story and discourse: Narrative structure in fiction and film},
  author={Chatman, Seymour Benjamin},
  year={1980},
  publisher={Cornell University Press}
}

@book{lvi1966savage,
  title={The savage mind},
  author={Lvi-Strauss, Claude},
  year={1966},
  publisher={University of Chicago Press}
}

@book{taylor1987analysing,
  title={Analysing conversation: Rules and units in the structure of talk.},
  author={Taylor, Talbot J. and Cameron, Deborah},
  year={1987},
  publisher={Pergamon Press}
}

@article{Wolf2019HuggingFacesTS,
  title={HuggingFace's Transformers: State-of-the-art Natural Language Processing},
  author={Thomas Wolf and Lysandre Debut and Victor Sanh and Julien Chaumond and Clement Delangue and Anthony Moi and Pierric Cistac and Tim Rault and R'emi Louf and Morgan Funtowicz and Jamie Brew},
  journal={ArXiv},
  year={2019},
  volume={abs/1910.03771}
}

@article{naili2017comparative,
  title={Comparative study of word embedding methods in topic segmentation},
  author={Naili, Marwa and Chaibi, Anja Habacha and Ghezala, Henda Hajjami Ben},
  journal={Procedia computer science},
  volume={112},
  pages={340--349},
  year={2017},
  publisher={Elsevier}
}

@article{alemi2015text,
  title={Text segmentation based on semantic word embeddings},
  author={Alemi, Alexander A. and Ginsparg, Paul},
  eprint={1503.05543},
  journal={arXiv:1503.05543},
  year={2015}
}

@article{song2016dialogue,
  title={Dialogue session segmentation by embedding-enhanced texttiling},
  author={Song, Yiping and Mou, Lili and Yan, Rui and Yi, Li and Zhu, Zinan and Hu, Xiaohua and Zhang, Ming},
  journal={arXiv preprint arXiv:1610.03955},
  year={2016}
}

@article{webber2009discourse,
  title={Discourse structure: Swings and roundabouts},
  author={Webber, Bonnie and Prasad, Rashmi},
  journal={Oslo Studies in Language},
  volume={1},
  number={1},
  year={2009}
}

@inproceedings{grosz1992some,
  title={Some intonational characteristics of discourse structure},
  author={Grosz, Barbara and Hirschberg, Julia},
  booktitle={Second international conference on spoken language processing},
  year={1992}
}

@article{clyne1981culture,
  title={Culture and discourse structure},
  author={Clyne, Michael},
  journal={Journal of pragmatics},
  volume={5},
  number={1},
  pages={61--66},
  year={1981},
  publisher={Elsevier}
}

@article{redeker1990ideational,
  title={Ideational and pragmatic markers of discourse structure},
  author={Redeker, Gisela},
  journal={Journal of pragmatics},
  volume={14},
  number={3},
  pages={367--381},
  year={1990},
  publisher={Elsevier}
}

@article{mochales2011argumentation,
  title={Argumentation mining},
  author={Mochales, Raquel and Moens, Marie-Francine},
  journal={Artificial Intelligence and Law},
  volume={19},
  number={1},
  pages={1--22},
  year={2011},
  publisher={Springer}
}

@article{hovy1993automated,
  title={Automated discourse generation using discourse structure relations},
  author={Hovy, Eduard H.},
  journal={Artificial intelligence},
  volume={63},
  number={1-2},
  pages={341--385},
  year={1993},
  publisher={Elsevier}
}

@book{deng2018deep,
  title={Deep Learning in Natural Language Processing},
  author={Deng, Li and Liu, Yang},
  year={2018},
  publisher={Springer}
}

@incollection{carlson2003building,
  title={Building a discourse-tagged corpus in the framework of rhetorical structure theory},
  author={Carlson, Lynn and Marcu, Daniel and Okurowski, Mary Ellen},
  booktitle={Current and new directions in discourse and dialogue},
  pages={85--112},
  year={2003},
  publisher={Springer}
}

@inproceedings{pennington2014glove,
  author = {Jeffrey Pennington and Richard Socher and Christopher D. Manning},
  booktitle = {Empirical Methods in Natural Language Processing (EMNLP)},
  title = {GloVe: Global Vectors for Word Representation},
  year = {2014},
  pages = {1532--1543},
  url = {http://www.aclweb.org/anthology/D14-1162},
}

@article{chung2007psychological,
  title={The psychological functions of function words},
  author={Chung, Cindy and Pennebaker, James W.},
  journal={Social communication},
  volume={1},
  pages={343--359},
  year={2007}
}

@misc{nipsdata,
  title = {Titles, authors, abstracts, and extracted text for all NIPS papers (1987-2017)
},
  author={Kaggle},
  year={2017},
  howpublished = {\url{https://www.kaggle.com/benhamner/nips-papers/data
}},
  note = {Accessed: 2019-11-25}
}

@article{tenney2019you,
  title={What do you learn from context? probing for sentence structure in contextualized word representations},
  author={Tenney, Ian and Xia, Patrick and Chen, Berlin and Wang, Alex and Poliak, Adam and McCoy, R. Thomas and Kim, Najoung and Van Durme, Benjamin and Bowman, Samuel R and Das, Dipanjan and others},
  journal={arXiv preprint arXiv:1905.06316},
  year={2019}
}

@inproceedings{jawahar2019does,
  title={What does BERT learn about the structure of language?},
  author={Jawahar, Ganesh and Sagot, Beno{\^\i}t and Seddah, Djam{\'e} and Unicomb, Samuel and I{\~n}iguez, Gerardo and Karsai, M{\'a}rton and L{\'e}o, Yannick and Karsai, M{\'a}rton and Sarraute, Carlos and Fleury, {\'E}ric and others},
  booktitle={57th Annual Meeting of the Association for Computational Linguistics (ACL), Florence, Italy},
  year={2019}
}

@inproceedings{van2019does,
  title={How Does BERT Answer Questions?: A Layer-Wise Analysis of Transformer Representations},
  author={van Aken, Betty and Winter, Benjamin and L{\"o}ser, Alexander and Gers, Felix A.},
  booktitle={Proceedings of the 28th ACM International Conference on Information and Knowledge Management},
  pages={1823--1832},
  year={2019},
  organization={ACM}
}

@article{clark2019does,
  title={What Does BERT Look At? An Analysis of BERT's Attention},
  author={Clark, Kevin and Khandelwal, Urvashi and Levy, Omer and Manning, Christopher D.},
  journal={arXiv preprint arXiv:1906.04341},
  year={2019}
}

@article{wiegreffe2019attention,
    title={Attention is not not Explanation},
    author={Sarah Wiegreffe and Yuval Pinter},
    year={2019},
    eprint={1908.04626},
    archivePrefix={arXiv},
    primaryClass={cs.CL},
    volume = {arXiv:1908.04626}
}

@article{voita2019analyzing,
  title={Analyzing Multi-Head Self-Attention: Specialized Heads Do the Heavy Lifting, the Rest Can Be Pruned},
  author={Voita, Elena and Talbot, David and Moiseev, Fedor and Sennrich, Rico and Titov, Ivan},
  journal={arXiv:1905.09418},
  eprint={1905.09418},
  year={2019}
}

@article{jain2019attention,
    title={Attention is not Explanation},
    author={Sarthak Jain and Byron C. Wallace},
    year={2019},
    eprint={1902.10186},
    primaryClass={cs.CL},
    volume = {arXiv:1902.10186}
}

@article{vig2019transformervis,
  author    = {Jesse Vig},
  title     = {A Multiscale Visualization of Attention in the Transformer Model},
  eprint    = {1906.05714},
  journal   = {arXiv:1906.05714},
  year      = {2019},
  url       = {https://arxiv.org/abs/1906.05714}
}

@article{grimes1972thread,
  title={The Thread of Discourse.},
  author={Grimes, Joseph E.},
  year={1972},
  publisher={ERIC}
}

@article{grosz1986attention,
  title={Attention, intentions, and the structure of discourse},
  author={Grosz, Barbara J. and Sidner, Candace L.},
  journal={Computational linguistics},
  volume={12},
  number={3},
  pages={175--204},
  year={1986},
  publisher={MIT Press}
}

@article{mann1988rhetorical,
  title={Rhetorical structure theory: Toward a functional theory of text organization},
  author={Mann, William C. and Thompson, Sandra A.},
  journal={Text-interdisciplinary Journal for the Study of Discourse},
  volume={8},
  number={3},
  pages={243--281},
  year={1988},
  publisher={Walter de Gruyter, Berlin/New York}
}

@article{polanyi1983syntax,
  title={The syntax of discourse},
  author={Polanyi, Livia and Scha, Remko J.H.},
  journal={Text-Interdisciplinary Journal for the Study of Discourse},
  volume={3},
  number={3},
  pages={261--270},
  year={1983},
  publisher={Walter de Gruyter, Berlin/New York}
}

@article{polanyi1996linguistic,
  title={The linguistic structure of discourse},
  author={Polanyi, Livia},
  journal={Tilburg University},
  year={1996}
}

@book{asher2003logics,
  title={Logics of conversation},
  author={Asher, Nicholas and Lascarides, Alex},
  year={2003},
  publisher={Cambridge University Press}
}

@article{ferracane2019news,
  title={From News to Medical: Cross-domain Discourse Segmentation},
  author={Ferracane, Elisa and Page, Titan and Li, Junyi Jessy and Erk, Katrin},
  journal={arXiv preprint arXiv:1904.06682},
  year={2019}
}


@inproceedings{wangetal2018toward,
    title = {Toward Fast and Accurate Neural Discourse Segmentation},
    author = {Wang, Yizhong  and
      Li, Sujian  and
      Yang, Jingfeng},
    booktitle = {Proceedings of the 2018 Conference on Empirical Methods in Natural Language Processing},
    year = {2018},
    address = {Brussels, Belgium},
    publisher = {Association for Computational Linguistics},
    url = {https://www.aclweb.org/anthology/D18-1116},
    doi = {10.18653/v1/D18-1116},
    pages = {962â€“967}
}

@article{cohan2018discourse,
  title={A discourse-aware attention model for abstractive summarization of long documents},
  author={Cohan, Arman and Dernoncourt, Franck and Kim, Doo Soon and Bui, Trung and Kim, Seokhwan and Chang, Walter and Goharian, Nazli},
  journal={arXiv preprint arXiv:1804.05685},
  year={2018}
}

@article{xu2019discourse,
  title={Discourse-Aware Neural Extractive Model for Text Summarization},
  author={Xu, Jiacheng and Gan, Zhe and Cheng, Yu and Liu, Jingjing},
  journal={arXiv preprint arXiv:1910.14142},
  year={2019}
}

@article{beeferman2019radiotalk,
  title={RadioTalk: a large-scale corpus of talk radio transcripts},
  author={Beeferman, Doug and Brannon, William and Roy, Deb},
  journal={arXiv preprint arXiv:1907.07073},
  year={2019}
}

@article{tenney2019bert,
  title={Bert rediscovers the classical nlp pipeline},
  author={Tenney, Ian and Das, Dipanjan and Pavlick, Ellie},
  journal={arXiv preprint arXiv:1905.05950},
  year={2019}
}